<?xml version="1.0" encoding="UTF-8"?><collection xmlns="http://www.loc.gov/MARC21/slim"><record><leader>00354nam--2200121-i-4500</leader><controlfield tag="001">000050097</controlfield><controlfield tag="002">20161230</controlfield><controlfield tag="005">20161230201048</controlfield><controlfield tag="008">060222s1000------------r-----000-0-eng-d</controlfield><datafield ind1=" " ind2=" " tag="100"><subfield code="a">Baranenkov, G.S</subfield></datafield><datafield ind1=" " ind2=" " tag="245"><subfield code="a">Zadachi i uprazhneniia po matematicheskomu analizu. izdanie chetvertoe, ispravlennoe</subfield></datafield><datafield ind1=" " ind2=" " tag="260"><subfield code="a">Moskva, Gosfizlitizdat, 1963, 472s</subfield></datafield><datafield ind1=" " ind2=" " tag="852"><subfield code="a">9057</subfield></datafield></record></collection>